<record><leader>00000cas a2200000 a 4500</leader><controlfield tag="001">2267401</controlfield><controlfield tag="008">760620c19579999mouwn ne      0   a0eng d</controlfield><controlfield tag="009">54</controlfield><datafield ind1=" " ind2=" " tag="010"><subfield code="a">sn 78004099 </subfield></datafield><datafield ind1=" " ind2=" " tag="040"><subfield code="a">PIT</subfield><subfield code="b">eng</subfield><subfield code="c">PIT</subfield><subfield code="d">COO</subfield><subfield code="d">NSD</subfield><subfield code="d">MUL</subfield><subfield code="d">NSD</subfield><subfield code="d">NST</subfield><subfield code="d">MQN</subfield><subfield code="d">OCL</subfield><subfield code="d">NYS</subfield><subfield code="d">OCLCQ</subfield><subfield code="d">ZAD</subfield><subfield code="d">OCLCF</subfield></datafield><datafield ind1=" " ind2=" " tag="012"><subfield code="i">9211</subfield><subfield code="k">1</subfield><subfield code="m">1</subfield></datafield><datafield ind1="1" ind2=" " tag="022"><subfield code="a">0036-3022</subfield><subfield code="l">0036-3022</subfield><subfield code="2">1</subfield></datafield><datafield ind1="1" ind2=" " tag="029"><subfield code="a">AU@</subfield><subfield code="b">000020283365</subfield></datafield><datafield ind1=" " ind2=" " tag="032"><subfield code="a">476600</subfield><subfield code="b">USPS</subfield></datafield><datafield ind1=" " ind2=" " tag="042"><subfield code="a">nsdp</subfield></datafield><datafield ind1=" " ind2=" " tag="043"><subfield code="a">n-us-mo</subfield></datafield><datafield ind1=" " ind2="4" tag="050"><subfield code="a">AP2</subfield><subfield code="b">.S1453</subfield></datafield><datafield ind1=" " ind2="0" tag="222"><subfield code="a">St. Louis review</subfield></datafield><datafield ind1="0" ind2="0" tag="245"><subfield code="a">St. Louis review.</subfield></datafield><datafield ind1="3" ind2="0" tag="246"><subfield code="a">Saint Louis review</subfield></datafield><datafield ind1=" " ind2=" " tag="260"><subfield code="a">St. Louis, Mo. :</subfield><subfield code="b">Archdiocese of St. Louis</subfield></datafield><datafield ind1=" " ind2=" " tag="300"><subfield code="a">v. :</subfield><subfield code="b">ill. (some col.) ;</subfield><subfield code="c">58 cm.</subfield></datafield><datafield ind1=" " ind2=" " tag="310"><subfield code="a">50 no. a year,</subfield><subfield code="b">1983-</subfield></datafield><datafield ind1=" " ind2=" " tag="321"><subfield code="a">Weekly (except last week of the year),</subfield><subfield code="b">1957-1982</subfield></datafield><datafield ind1="0" ind2=" " tag="362"><subfield code="a">Vol. 17, no. 1 (Feb. 1, 1957)-</subfield></datafield><datafield ind1=" " ind2="0" tag="650"><subfield code="a">Catholics</subfield><subfield code="z">Missouri</subfield><subfield code="z">Saint Louis.</subfield></datafield><datafield ind1=" " ind2="0" tag="651"><subfield code="a">Saint Louis (Mo.)</subfield><subfield code="v">Newspapers.</subfield></datafield><datafield ind1=" " ind2="7" tag="655"><subfield code="a">Newspapers.</subfield><subfield code="2">fast</subfield><subfield code="0">(OCoLC)fst01423814</subfield></datafield><datafield ind1=" " ind2="7" tag="650"><subfield code="a">Catholics.</subfield><subfield code="2">fast</subfield><subfield code="0">(OCoLC)fst00849297</subfield></datafield><datafield ind1=" " ind2="7" tag="651"><subfield code="a">Missouri</subfield><subfield code="z">Saint Louis.</subfield><subfield code="2">fast</subfield><subfield code="0">(OCoLC)fst01204930</subfield></datafield><datafield ind1="2" ind2=" " tag="710"><subfield code="a">Catholic Church.</subfield><subfield code="b">Archdiocese of Saint Louis (Mo.)</subfield></datafield><datafield ind1=" " ind2=" " tag="752"><subfield code="a">United States</subfield><subfield code="b">Missouri</subfield><subfield code="d">Saint Louis.</subfield></datafield><datafield ind1="0" ind2="0" tag="780"><subfield code="t">St. Louis register (St. Louis, Mo. : 1941)</subfield><subfield code="w">(DLC)sn 92059020</subfield></datafield><datafield ind1=" " ind2=" " tag="850"><subfield code="a">NjR</subfield></datafield><datafield ind1=" " ind2=" " tag="936"><subfield code="a">Unknown</subfield><subfield code="a">INC</subfield><subfield code="a">Apr. 20, 2001</subfield></datafield></record>